@article{robust,
  title={A bi-objective model for robust resource-constrained project scheduling},
  author={Al-Fawzan, Mohammad A and Haouari, Mohamed},
  journal={International Journal of production economics},
  volume={96},
  number={2},
  pages={175--187},
  year={2005},
  publisher={Elsevier}
}